1631 2907
488 134 928 193 vERMEs
1331 129 1421 187 ιω

179 278 320 322 Labro
342 275 541 317 exteriore
559 269 823 316 interioreve,
843 263 958 318 saepe
978 264 1142 308 dentato
1161 260 1211 305 ad
1230 260 1428 312 Columel-

113 384 119 387 ,
180 336 278 382 lam,
308 333 414 373 circa
434 340 550 381 quam
571 328 716 378 Spirae
738 319 964 372 Anfraezus
986 317 1147 370 finistri,
1175 319 1297 361 rarius
1325 327 1426 357 con-

178 389 287 431 trarii
310 387 474 436 dextri,
505 383 658 435 sutura
691 377 894 425 connexi,
941 377 1063 415 rarius
1092 374 1241 414 Varice
1278 371 1429 423 οἰηᾶίε,

177 445 330 493 laeves,
359 440 512 487 sulcati,
549 434 687 485 striati,
727 430 916 485 angulati,
944 426 1105 478 nodosi,
1134 426 1321 478 aculeati,
1349 424 1428 478 spi·

177 497 282 540 nosl.
312 492 493 537 frondosi
512 502 636 542 usque
653 489 695 530 in
710 484 956 528 [mucronem
977 484 1118 534 apicis,
1147 484 1270 524 rarius
1287 480 1429 522 decol-

179 555 326 600 latu1n;
355 562 394 592 et
421 561 464 590 ut
481 549 678 590 intueatur
698 542 740 582 in
772 539 945 582 Veneris
969 537 1166 578 Comcffls
1190 536 1339 579 vividis
1370 537 1428 577 le·-

181 609 254 650 ctis
276 604 462 648 testarum
488 603 622 645 nativa
638 597 770 650 paria,
802 593 1106 636 determinatam
1128 592 1313 644 figuram,
1344 591 1428 632 val.

180 664 292 704 vulas
314 661 468 702 illarum
493 652 665 698 sinistras
683 662 723 692 et
742 649 916 697 dextras,
933 647 1116 697 aequales
1134 647 1162 686 l.
1186 646 1431 697 inaequales,

181 717 442 767 aequilateres
467 715 493 754 l.
514 707 845 759 inaequilateres3
892 702 1057 745 interius
1077 700 1262 741 dentatos
1282 698 1433 742 Cardi-

182 786 248 813 nes
272 773 375 812 inter
394 767 531 810 Nates
549 763 710 807 infimos
730 759 954 802 Umbonum
973 754 1236 805 tumentium3
1266 755 1432 796 inferius

181 826 270 867 Ani
288 822 574 876 impreffuram,
588 818 761 859 anterius
784 814 945 855 Vulvae
962 811 1118 859 rimam,
1143 809 1281 849 Lahiis
1300 809 1432 862 Nym·

173 880 351 934 phisque
372 879 680 925 conniventem,
713 869 894 924 Hymene
914 865 1133 914 obteciam‚
1173 863 1290 904 Pube
1310 864 1434 906 inter-

182 935 278 976 dum
299 935 498 982 cinctamt,
534 929 676 970 harum
698 924 869 969 Limbus
888 920 1064 964 exterior
1093 916 1431 960 circumscribitur

184 989 392 1045 Margine
412 983 698 1039 integerrimo,
727 978 935 1022 crenulato
954 973 981 1016 s.
1007 975 1197 1015 dentato:
1219 970 1439 1026 superiore

182 1055 274 1086 ante
294 1045 480 1091 vulvam,
502 1036 719 1094 posteriore
745 1046 854 1088 pone
881 1042 1025 1080 anumt,
1054 1029 1254 1070 exteriore
1275 1028 1436 1070 natibus

182 1097 390 1151 oppofiro.
446 1094 634 1136 Meretur
651 1090 848 1143 imprimis
869 1087 1070 1137 inquirere
1090 1085 1131 1125 in
1150 1082 1340 1124 foffilium
1359 1081 1438 1123 ho-

185 1153 252 1194 die
289 1149 594 1204 deperditorum
644 1156 845 1199 protypa,
909 1140 1108 1193 imprimis
1146 1138 1438 1189 Anomt'arum,

180 1205 304 1260 abyffi
323 1205 500 1256 cimelia,
529 1214 621 1244 cum
642 1201 718 1243 alia
739 1198 814 1240 fint
834 1194 1079 1247 Terrellria,
1100 1191 1437 1245 Fluvialia,³La·

181 1261 351 1314 custria,
381 1259 593 1310 Latona,
623 1253 871 1306 Maritima,
901 1250 1103 1306 Pelagica
1123 1249 1212 1291 aha.

17 1366 427 1418 LITHOPHYTA
449 1363 681 1416 Monusca‚
711 1360 953 1406 animalcula
979 1353 1203 1407 composita
1232 1351 1439 1407 testarum,

185 1421 401 1474 Testisque
431 1422 583 1463 innixa.
659 1419 841 1462 Corallia
870 1416 972 1456 haec
999 1411 1116 1467 prisci
1144 1412 1299 1463 plantas
1334 1410 1441 1450 aeris

184 1479 375 1520 contactu
400 1475 693 1530 lapidescentes
725 1471 984 1528 judicabant,
1034 1466 1104 1509 sed
1144 1465 1440 1509 recentioribus

185 1534 308 1575 etiam
327 1545 378 1573 ex
398 1530 470 1574 suo
495 1528 647 1572 semine
671 1528 849 1579 Lapides
880 1525 1125 1580 germinare,
1156 1519 1353 1572 imprimis
1381 1518 1441 1559 ob

182 1589 403 1629 calcaream
423 1586 571 1626 horum
590 1584 773 1626 indolem
804 1578 911 1630 visa,
941 1590 1066 1629 usque
1093 1577 1188 1615 dum
1223 1572 1442 1630 Marfiglii

184 1639 393 1696 diligentia
413 1650 634 1681 extraxerat
653 1652 674 1678 e
696 1638 795 1678 mari
824 1633 1006 1676 Corallia
1027 1629 1254 1685 vegetantia
1271 1626 1442 1669 fioribus

182 1695 386 1739 octandris
405 1694 648 1746 ostopetalis
662 1724 676 1745 ,
705 1704 727 1732 a
755 1688 961 1732 contrastu
980 1687 1083 1728 aeris
1104 1682 1143 1724 se
1163 1682 1447 1724 contrahenti-.

184 1752 286 1803 bus,
315 1751 436 1803 inque
457 1761 558 1801 aqua
579 1749 715 1789 denuo
735 1742 1035 1797 expandendis3
1066 1751 1104 1782 at
1123 1738 1266 1780 eadem
1284 1747 1441 1789 tempe-

185 1805 284 1847 state
305 1803 467 1856 (1727)
491 1801 748 1856 Peyfhnellus
771 1799 951 1842 Corallia
972 1810 1020 1837 ex
1039 1792 1296 1836 animalculis
1315 1790 1441 1833 fabri-

185 1861 282 1912 cari,
312 1861 413 1900 ultra
434 1860 612 1899 seculum
638 1854 732 1909 post
759 1854 929 1895 eandem
957 1850 1062 1903 apud
1090 1846 1352 1899 sapientiores
1372 1845 1440 1887 In-

184 1915 261 1956 dos
280 1925 404 1955 ratam
425 1910 678 1962 sententiam,
698 1910 873 1962 primurn
894 1906 997 1948 vidit
1018 1906 1087 1947 vix
1107 1899 1344 1952 audiendus,
1362 1898 1440 1942 nisi

154 2022 157 2025 ,
183 1969 447 2011 Tremhlaeus
469 1967 629 2019 (1741)
664 1963 828 2018 Hydras
855 1962 1038 2003 omnium
1073 1956 1340 2000 admiratione
1369 1954 1442 1996 de-

184 2023 363 2073 texisset,
393 2033 434 2063 et
461 2021 511 2063 ad
540 2024 676 2063 littora
700 2015 883 2060 curiosos
910 2012 1145 2070 micuisset,
1174 2022 1257 2062 quo
1284 2010 1349 2052 via
1367 2021 1440 2063 per

185 2077 322 2129 Ellisii
342 2077 576 2120 Sertularias
597 2075 647 2117 ad
668 2074 848 2116 Corallia
865 2083 1002 2126 aperta
1023 2069 1116 2111 fuit.

19 2180 360 2227 ZOOPHYTA
390 2176 615 2230 composita
641 2174 924 2225 Animalcula,
964 2172 1007 2213 in
1033 2170 1149 2212 bivio
1183 2168 1440 2211 Animalium

190 2234 569 2289 Vegetabiliumque
591 2230 824 2281 constituta,
854 2227 1047 2270 radicata
1077 2225 1318 2278 (pleraque)
1341 2235 1441 2264 cau-

187 2287 344 2340 lefhunt
373 2289 637 2340 multiplicata
659 2287 742 2329 vita
760 2284 912 2335 ramis,
944 2283 1109 2338 gemmis
1134 2278 1326 2329 caeduis,
1353 2281 1441 2318 m'e-

187 2341 514 2395 tamorphosique
525 2341 675 2397 florum
697 2339 974 2389 animantium,
999 2335 1144 2388 sponte
1165 2332 1249 2375 sese
1269 2343 1442 2374 moven—

187 2400 304 2448 tium,
334 2399 375 2439 in
394 2394 579 2449 capsulas
593 2392 855 2448 seminiferas
875 2389 1186 2440 transeuntium,
1214 2401 1260 2429 ac
1279 2386 1309 2429 fi
1329 2389 1442 2437 plan—

188 2463 250 2496 tae
272 2452 395 2494 essent
416 2452 658 2506 Zoophyta,
687 2447 801 2492 sensu
822 2458 1016 2497 motuque
1037 2444 1247 2492 destituta3
1276 2452 1318 2482 et
1328 2442 1443 2482 Zoo—

186 2509 313 2562 phyta
336 2510 456 2549 verae
474 2509 648 2560 plantae,
679 2504 747 2547 sed
766 2502 978 2557 systemate
999 2511 1171 2550 nerveo,
1198 2494 1334 2538 sensus
1352 2506 1443 2535 mo—

189 2573 331 2613 tusque
350 2574 504 2615 organo
527 2560 771 2610 instructae,
797 2559 981 2608 adeoque
1002 2553 1255 2611 VegetabiIia
1272 2548 1444 2591 naturali

176 2614 506 2672 metamorphos}
523 2616 714 2660 mutanda
734 2617 777 2656 in
807 2611 1029 2656 Animalia.
1202 2654 1421 2705 AUCTO
