1631 2907
357 127 688 178 REGNUM
761 130 1267 188 VEGETABILE.
1459 153 1489 199 9

82 278 151 319 24.
180 261 496 306 PROLEPSIS
525 261 624 305 sistit
642 261 1029 316 Metamorphoseos
1052 268 1278 311 Plantarum
1305 267 1492 324 mysteri-

347 330 440 368 um,
469 329 551 368 quo
577 317 738 360 Herbae
768 317 916 359 Larva
946 327 1118 365 mutetur
1145 325 1186 365 in
1217 325 1492 385 Decfaratam

347 372 738 422 Frufflficationem3
768 373 930 415 Plantae
959 379 1067 419 enirn
1094 378 1153 419 est
1173 380 1397 431 producere
1426 381 1494 422 vel

349 427 533 469 Herbam
553 426 768 479 feliciam,
796 430 862 470 vel
881 430 1002 471 etiarn
1026 432 1412 486 Frublificationem.

295 498 472 542 Fo'Lth
501 499 716 554 genuinum
737 495 897 552 semper
912 502 954 542 in
976 500 1060 543 sinu
1078 503 1194 547 fovet
1212 506 1334 548 Rami
1360 507 1496 549 multi-

349 555 533 606 plicantis
551 554 820 606 principium,
849 553 931 597 five
950 557 1063 608 astu,
1092 558 1171 601 sive
1189 563 1372 613 potentia
1391 564 1496 612 tale;

349 620 522 659 cumque
555 608 716 650 Folium
744 607 792 650 fit
810 620 947 652 natum
967 612 1022 653 ob
1053 613 1168 667 hujus
1194 617 1388 668 caussam,
1417 630 1495 658 nec

290 679 291 682 ¹
349 662 542 714 vicisfim,
569 663 709 714 nequit
728 662 898 706 existere
919 666 1106 719 Folium,
1137 668 1208 710 nisi
1237 672 1317 713 hoc
1345 673 1494 725 princi-

349 720 460 770 pium
480 717 753 770 perforaverat
770 731 886 760 antea
903 723 1098 763 corticem
1110 754 1123 774 ,
1144 736 1167 763 e
1178 735 1259 774 quo
1270 736 1403 769 ortum
1418 726 1495 780 est,

349 774 446 815 licet
465 771 631 815 effeetus
649 785 740 816 ante
759 772 868 816 suam
888 776 1059 819 caussam
1081 779 1327 823 manifestus.

297 834 468 878 GEMMA
523 836 670 878 enuina
697 837 758 880 est
794 839 925 881 Rami
950 838 1075 882 futuri
1107 844 1422 898 compendium,
1452 847 1496 889 in

350 902 471 941 quem
521 903 657 933 emum
681 894 959 946 explicabitur.
1019 895 1194 938 Gemma
1223 895 1377 950 semper
1394 913 1497 943 con-

346 944 422 987 stat
467 947 680 1001 Squamig,
735 949 908 990 totidem
962 950 1175 993 Foliorum
1231 953 1495 1007 rudimentis,

342 1000 567 1042 'etiamnum
598 1001 654 1054 (ἱ
678 1001 818 1046 futuro
847 1006 1003 1046 ramulo
1032 1017 1118 1046 non
1149 1006 1244 1048 dum
1277 1009 1496 1064 elongato)

346 1055 648 1107 approximatis.
662 1057 863 1115 *Cumque
884 1060 1000 1102 Folia
1021 1059 1103 1101 fine
1134 1061 1307 1103 Gemma
1327 1064 1496 1107 existere

345 1121 573 1160 nequeant,
595 1112 751 1154 necesse
773 1113 834 1155 est
855 1115 965 1166 quod
978 1115 1192 1157 Gemmata
1214 1118 1332 1160 lateat
1350 1120 1390 1159 in
1411 1118 1496 1161 smu

343 1164 519 1217 cujusvis
543 1164 726 1216 squamae
748 1181 1028 1222 gemmaceae,
1059 1171 1324 1214 confirmante
1354 1186 1497 1227 autop-

341 1216 419 1270 fia,
439 1219 623 1271 adeoque
643 1225 784 1273 nequit
803 1226 937 1266 omnis
955 1224 1130 1268 Gemma
1142 1227 1251 1268 aliud
1261 1228 1496 1280 esse,quam

340 1285 488 1326 corpus
507 1287 530 1316 a
549 1276 660 1317 foliis
675 1289 715 1318 et
733 1281 946 1333 gemmulis
961 1281 1249 1332 eompofitum.
1307 1284 1496 1334 Sequitur

299 1327 304 1331 “
339 1329 476 1379 itaque
497 1330 607 1381 quod
626 1335 760 1375 omnis
781 1332 953 1376 Gemma
972 1334 1133 1378 constet
1153 1338 1283 1379 Foliis
1303 1351 1397 1380 cum
1419 1337 1498 1381 suis

342 1382 572 1427 Gemmulis
589 1397 630 1427 et
647 1386 722 1428 hae
745 1387 981 1430 Gemmulao
999 1389 1182 1434 similiter
1201 1405 1251 1434 ex
1270 1394 1497 1437 minoribus

337 1434 571 1490 squamis&
589 1444 826 1496 gemmulis,
855 1455 897 1485 et
927 1443 982 1487 fic
1009 1457 1135 1499 porro
1164 1459 1289 1500 usque
1308 1449 1353 1490 in
1380 1451 1497 1500 quin-

337 1504 421 1536 tam
441 1498 678 1550 progeniem
710 1499 733 1549 <
738 1510 780 1538 ut
800 1500 841 1540 in
866 1500 1111 1553 Volvoce),
1142 1516 1167 1542 n
1186 1517 1218 1543 ·c
1240 1505 1365 1553 ultra,
1395 1516 1497 1545 con-

336 1547 520 1590 firmante
540 1553 871 1604 metamorph-osi.
905 1555 1015 1608 Ergo
1030 1555 1181 1597 Ramus
1191 1557 1363 1599 foliosus
1381 1572 1495 1610 prae-

337 1602 462 1645 sentis
479 1606 602 1656 anni,
631 1605 765 1647 foetus
792 1606 839 1648 sit
866 1610 1027 1649 ramulis
1053 1613 1245 1652 omnibus
1276 1625 1348 1663 per
1373 1616 1496 1668 quin-

338 1660 563 1713 quennium
589 1661 831 1712 prodituris,
862 1661 1167 1706 succedentibus
1198 1665 1354 1717 semper
1373 1669 1495 1710 novis

339 1712 390 1754 ad
421 1723 622 1755 extremos
651 1717 811 1768 apices,
850 1717 891 1757 in
923 1716 1237 1773 defoliatorum,
1278 1721 1327 1762 ad
1358 1722 1493 1774 basm,

341 1769 505 1819 locum,
535 1779 579 1809 ut
607 1781 797 1812 numerus
830 1773 1034 1822 quinarius
1064 1786 1273 1826 perennet.
1331 1777 1428 1820 Hoc
1447 1778 1494 1820 fit

339 1823 382 1864 in
404 1822 666 1876 Arboribus,
694 1825 763 1866 ubi
792 1826 969 1867 medulla
986 1840 1164 1871 moratur
1186 1843 1208 1871 a
1229 1831 1382 1873 duriori
1403 1832 1494 1874 sub-

338 1876 482 1918 stantia
510 1879 666 1929 lignea,
695 1881 736 1920 in
767 1879 934 1921 Plantis
954 1884 1096 1925 annuis
1123 1895 1283 1936 autem,
1317 1888 1384 1928 ubi
1415 1889 1493 1930 mi·

337 1943 416 1972 nor
445 1930 665 1974 resistentia
690 1936 880 1987 corporei
900 1935 1066 1979 laxioris
1086 1937 1221 1981 versus
1246 1941 1493 1994 medullam,

337 1987 444 2028 valet
470 1987 569 2028 haec
595 1988 781 2040 brevius,
810 1990 958 2040 absque
984 2003 1098 2035 mora
1127 2007 1360 2047 gemmacea
1378 1998 1490 2039 exire

336 2041 379 2083 in
408 2040 574 2094 Flores3
603 2044 875 2095 quodcunque
908 2047 1017 2101 enim
1047 2049 1154 2090 valet
1184 2050 1490 2103 propulsionem

336 2095 549 2138 Medullae
577 2109 721 2153 augere
753 2109 794 2140 et
820 2099 1056 2143 inclufivam
1080 2105 1164 2145 vim
1195 2105 1398 2158 Corporei
1418 2107 1490 2150 de-

334 2151 493 2194 bilitare
505 2183 519 2204 ,
548 2151 590 2193 id
610 2154 871 2207 promovebit
886 2153 1205 2209 florescentiam.

282 2251 468 2296 anm
496 2252 592 2296 dum
620 2253 818 2306 producat
845 2256 1011 2311 Arbor,
1058 2259 1217 2303 Natura
1247 2262 1484 2314 anticipabit

336 2309 512 2360 quinque
531 2321 728 2351 annorum
746 2313 985 2366 progenies,
1005 2312 1119 2357 flmul
1140 2327 1224 2358 turn
1242 2317 1485 2369 prodituras,

331 2363 596 2406 formandae
616 2363 731 2407 foliis
751 2369 996 2419 gemmaceis
1015 2369 1138 2412 futuri
1156 2373 1251 2414 anni
1274 2372 1485 2423 Brachas,

331 2415 534 2469 sequentis
565 2419 773 2472 Calycem,
803 2420 1050 2473 insequentis
1083 2426 1309 2479 Coronam,
1340 2426 1486 2468 conse-

333 2475 491 2523 quentis
510 2475 723 2527 Stamina,
737 2473 1015 2528 subsequentis
1044 2479 1270 2534 Pistillum,
1291 2482 1483 2524 refertum

332 2527 524 2573 Medulla
539 2531 746 2585 gran-ulma.
771 2531 1008 2587 Seminum,
1036 2537 1213 2584 termino
1232 2539 1341 2583 vitae
1362 2550 1483 2592 vege-

333 2584 476 2631 tamis.

792 2667 838 2715 A
858 2680 889 2725 53
976 2735 978 2741 y
1371 2674 1492 2725 Ros
