1631 2907
160 136 219 170 ιο
403 122 732 173 REGNUM
799 124 1306 178 VEGETABILE.

155 266 225 307 ας.
253 254 729 302 FLORESCENTIA
758 257 857 302 sistit
874 260 1104 303 Plantarum
1126 260 1340 315 sponsalia
1359 264 1402 306 in
1424 261 1570 318 Floro,

427 310 499 365 (*)
530 325 571 354 et
589 309 777 368 Nuptias
794 315 837 357 in
858 315 1040 358 Anthefi.

365 363 504 418 nos,
532 378 650 410 exuta
671 368 832 412 Herbae
851 370 1006 421 Lat-va,
1034 369 1172 422 prodit
1187 370 1326 414 Planta
1349 371 1564 426 declarata,

416 423 599 474 interna,
628 425 735 466 nuda
752 436 794 467 et
813 425 990 478 perfeeta
1008 423 1130 467 instar
1155 424 1302 477 Inseffi
1320 429 1467 482 alligati
1487 439 1563 469 vo·

414 477 589 520 litantis:
621 478 734 521 Coleo
765 482 872 521 trati
894 480 1074 533 Calyce,
1104 480 1228 522 Alati
1246 481 1440 526 Coi-olla.
1460 495 1563 524 con·

413 527 555 575 stantis
574 530 670 576 solis
727 531 922 587 tsi-eribus
952 534 1231 577 Genitalibus:
1260 534 1467 587 Mafa-ulis
1485 535 1561 580 sta-

413 587 588 630 minibus
609 601 661 631 ex
684 590 878 632 Antheris
902 588 1237 641 Testicularibus,
1273 593 1436 643 repletis
1465 592 1562 634 Pol·

413 641 499 684 line
524 645 730 699 genitali,
768 644 1006 686 cominente
1032 644 1234 686 Fovillam
1260 645 1560 700 vivificantem,

412 707 456 739 et
479 693 680 741 Femineis
701 697 863 742 Pistillis
880 712 931 740 ex
949 698 1159 742 Germinis
1175 703 1340 752 avaria,
1370 703 1559 744 termina·

412 760 459 803 to
484 753 676 808 Stigmate
696 752 925 807 vulvtfero,
954 755 1066 796 tec‘to
1078 754 1189 809 pube
1215 754 1424 809 tubulosa‚
1451 754 1559 799 resu-

410 807 532 849 dante
550 808 776 863 Lympbam
791 810 1030 865 genitalem.

292 902 295 905 ,
355 860 584 906 ᾸΝτΗεειε
613 865 837 920 peragitur,
866 863 964 906 dum
985 863 1194 907 Antherae
1215 875 1353 919 ruptae
1372 864 1559 920 spargunt

408 915 525 972 suum
550 919 693 961 Pollen
723 918 939 961 vesiculare
966 917 1081 972 supra
1109 920 1297 977 Stigma,
1339 933 1424 972 quo
1449 922 1557 963 efflat

407 973 492 1016 hoc
509 973 704 1016 inclusam
726 973 929 1016 Fovillam
951 973 1194 1026 masculam,
1223 973 1516 1017 absorbendam
1533 988 1557 1018 a

407 1027 594 1084 Lympha
613 1031 798 1086 genitali
822 1027 1000 1071 feminea
1028 1026 1261 1081 resudante,
1290 1042 1335 1073 ut
1362 1043 1556 1083 corpore·

404 1095 477 1126 um
494 1082 712 1127 masculum
740 1083 883 1126 addito
910 1083 1109 1128 Femineo
1127 1085 1338 1129 medullari
1364 1085 1556 1128 conficiat

407 1152 526 1205 opum
537 1170 552 1192 ‚
566 1141 613 1187 in
624 1137 770 1195 justam
788 1141 1056 1183 maturitatem
1075 1140 1302 1184 fovendum
1320 1142 1424 1184 intra
1441 1141 1556 1184 Ova-

404 1207 523 1237 num.

139 1250 208 1292 26.
237 1243 601 1294 PRINCIPIUM
639 1249 1005 1302 Fruffificationis‚
1045 1249 1368 1294 Fundamentum
1386 1250 1554 1294 Botani·

406 1318 499 1359 cea,
527 1304 589 1348 est
604 1304 721 1348 altius
735 1303 1016 1359 repetendum.

352 1357 615 1405 Panamara:
645 1361 860 1414 Supponas
886 1359 944 1403 D.
965 1361 1021 1403 O.
1039 1360 1095 1404 O.
1115 1361 1157 1404 in
1173 1360 1401 1415 primordio
1417 1374 1441 1402 e
1460 1359 1552 1403 sim-

408 1417 507 1470 plici
525 1406 776 1470 progressum
798 1415 849 1457 ad
867 1414 1114 1468 compositag
1142 1429 1166 1458 e
1184 1418 1322 1469 paucis
1338 1416 1389 1458 ad
1415 1417 1550 1468 plura!

405 1470 594 1521 adeoque
612 1482 636 1512 a
651 1472 786 1522 primo
807 1470 874 1510 Ve
903 1470 1042 1512 etabili
1060 1471 1289 1525 principio,
1318 1483 1380 1513 tot
1397 1482 1553 1515 tantum

407 1525 557 1567 creasse
577 1525 732 1575 planta·
759 1481 960 1575 diversas,
989 1534 1090 1574 quot
1114 1525 1275 1567 ordines
1300 1525 1553 1568 Naturales.

404 1579 495 1622 Has
513 1579 705 1620 ordinum
728 1579 908 1631 plantas,
937 1577 1073 1620 ipsum
1096 1578 1191 1621 dein
1210 1580 1265 1621 ita
1287 1580 1390 1622 inter
1415 1579 1456 1621 se
1485 1593 1551 1635 ge·

403 1633 588 1676 nerando
606 1631 830 1683 miscuisse,
856 1644 901 1675 ut
923 1633 1095 1676 totidem
1114 1635 1347 1676 exorientur
1365 1636 1551 1687 plantae,

405 1700 508 1742 quot
532 1688 660 1730 hodie
686 1686 873 1732 distincta
897 1687 1074 1731 existunt
1101 1687 1279 1731 Genera.
1330 1690 1552 1739 =Naturam

406 1743 502 1787 dein
520 1744 745 1786 Genericas
765 1743 837 1785 has
862 1744 1041 1797 plantas,
1069 1756 1142 1795 per
1159 1746 1440 1800 generationes
1467 1757 1551 1787 am·

403 1801 570 1855 bigenas
597 1799 727 1851 (quae
748 1797 981 1841 strueturam
998 1797 1112 1841 floris
1131 1811 1216 1841 non
1237 1799 1416 1897 mutan&
1447 1799 1552 1841 inter

403 1854 446 1897 se
465 1852 662 1897 miscuisse
687 1853 1022 1906 etmultiplicasse
1049 1855 1092 1896 in
1122 1855 1280 1909 Species
1309 1856 1372 1897 ex·
1413 1865 1550 1907 entes,

405 1919 608 1963 quotquot
625 1907 855 1961 poffibiles‚
883 1907 1051 1950 exclusis
1070 1917 1205 1951 tamen
1231 1923 1255 1951 e
1274 1920 1445 1951 numero
1463 1907 1553 1962 spe-

400 1967 580 2016 cierum,
608 1964 658 2006 ab
689 1962 898 2018 ejusmodi·
921 1964 1180 2009 ueneratione
1208 1964 1415 2017 productis
1434 1963 1551 2006 Plan·

401 2021 452 2062 tis
475 2018 698 2075 Hybridis‚
726 2028 869 2070 utpote
893 2016 1108 2061 sterilibus,

347 2074 501 2119 Genus
531 2075 663 2125 itaque
683 2085 806 2115 omne
836 2070 896 2114 est
923 2074 1124 2126 naturale,
1152 2072 1416 2116 confirmante
1433 2084 1547 2117 natu»

400 2144 466 2182 ra,
496 2128 637 2172 saltum
661 2140 747 2170 non
764 2128 953 2171 faciente.

345 2184 614 2228 Cfflmcmn
646 2196 745 2236 ergo
764 2195 847 2224 non
867 2180 1087 2224 constituat
1105 2195 1292 2235 umquam
1309 2196 1458 2240 genus,
1476 2180 1547 2225 sed

397 2240 539 2283 sedulo
564 2238 783 2281 secundum
807 2237 950 2280 Genus
965 2248 1126 2280 naturae
1146 2238 1424 2281 conficiendus
1443 2237 1519 2282 est.

340 2295 550 2339 Ptmm
578 2306 829 2348 congeneres
847 2291 937 2334 sunt
953 2291 1088 2345 quoad
1105 2306 1229 2347 genus
1247 2292 1546 2349 dignoscenda·

396 2365 420 2393 e
438 2352 573 2404 planta
593 2349 815 2394 declarata,
845 2360 938 2390 cum
958 2349 1166 2403 generatio
1187 2349 1401 2403 ambigena
1414 2349 1544 2390 illiba-

395 2418 436 2448 ta
456 2407 655 2456 relinquat
674 2403 1066 2452 Fruftificationem3
1089 2402 1115 2445 s
1110 2403 1160 2444 ed
1179 2402 1482 2460 distinguendae
1501 2405 1545 2446 in

391 2461 527 2515 specie
546 2458 765 2501 secundum
786 2458 969 2504 Herbam
986 2471 1009 2501 a
1027 2457 1150 2502 sociis
1162 2458 1393 2512 sororibus,
1411 2457 1546 2500 diver-

390 2515 437 2560 so
458 2526 570 2571 patre
589 2514 811 2569 productis.
1462 2565 1524 2611 Dr

363 2673 424 2721 (Ὀ
450 2674 626 2722 Sponsalia
646 2676 851 2721 plantarum.
875 2674 1013 2710 Amm.
1035 2673 1121 2709 acad.
1144 2671 1230 2707 XII.
