1631 2907
116 96 200 182 ‘20
465 125 799 179 REGNVM
867 125 1236 174 ANIMALE.

134 263 227 308 RE
242 265 266 304 S
283 265 314 306 Ρ
326 264 367 304 V
382 262 464 305 ssL
478 261 495 303 1
509 261 546 303 C
562 262 605 304 A
635 260 818 303 Naturae
830 291 843 313 ‚
880 271 1069 311 tanquam
1089 259 1212 311 Aqua
1237 272 1260 300 e
1283 256 1482 301 Fontibus
1518 259 1562 301 in

243 320 424 362 R÷uuios
451 320 606 359 Amnes
629 316 798 358 Fluuios
817 315 866 358 ad
895 318 1013 357 Mare
1039 327 1224 367 tranans,
1254 328 1276 355 e
1295 312 1562 356 numerofiffi-

244 388 310 417 ma
336 373 458 415 Plebe
482 375 522 413 in
542 373 754 423 pauciores
782 370 982 424 Nobiles,
1010 368 1344 424 pauciffimosque
1372 369 1562 424 [Magna-

245 440 307 473 tes
341 429 391 470 ad
426 427 696 479 [mperantem
726 426 959 478 adscendit,
1008 427 1105 467 dum
1141 426 1347 466 Animalia
1375 427 1563 476 minima,

242 496 415 527 numero
427 483 469 522 vi
489 483 750 534 potentiaque
772 482 892 524 facile
912 482 1084 534 infinita,
1114 482 1155 522 in
1177 478 1291 521 usum
1311 480 1457 520 cedant
1478 492 1562 520 ma·

241 541 396 583 ioribus
416 538 676 579 inertioribus
698 537 1069 590 praestantioribus,
1091 548 1183 578 cum
1201 547 1339 578 natura
1358 547 1562 587 nunquam

244 595 372 648 magis
392 604 511 645 quam
534 593 577 634 in
594 594 772 640 minimis
792 605 878 636 tota
896 592 957 638 fit.

188 681 451 717 M1Nts'rR1
494 667 692 721 Pontiae,
744 670 918 722 propriis
947 670 1095 712 muniis
1127 669 1318 723 praefixi.
1366 679 1430 711 tot
1456 666 1562 722 sunt,

272 736 351 765 u0t-
364 724 598 765 animalium
613 725 789 779 Species‚
820 724 964 781 finguli
982 725 1030 766 ad
1044 726 1178 767 officia
1189 727 1358 779 proprio
1376 736 1565 766 commo-

240 738 297 822 30
317 779 475 829 allecti,
515 792 640 830 quum
673 793 724 824 ex
752 782 894 822 labore
928 778 1265 823 sustentationem
1292 779 1401 822 suam
1422 793 1564 833 repor-

239 847 352 887 tent,
391 849 442 875 ne
472 835 693 886 quidquam
724 835 911 887 deficiat,
963 836 1033 878 vbi
1063 836 1165 878 nihil
1206 836 1563 888 superuacaneum.

239 892 313 935 Ne
333 903 468 933 aurem
487 891 588 931 aiter
605 891 767 932 alterius
789 892 965 944 negotiis
985 889 1068 932 sese
1090 890 1337 937 immisceat,
1368 890 1564 942 fimulque

238 949 394 990 lucrum
424 946 541 989 altori
568 946 807 997 praeripiat,
847 946 918 988 sub
949 958 1083 998 poena
1111 947 1272 999 capitali
1303 945 1452 988 sancita
1474 946 1566 988 Lex

239 1006 414 1054 veneni,
445 999 540 1055 ipsis
560 999 766 1050 semibus,
799 998 988 1054 Olfastus
1015 1003 1212 1054 imprimis
1231 1012 1271 1043 et
1292 1001 1442 1054 Gustus
1460 1033 1473 1055 ,
1503 1003 1566 1044 in·

237 1057 406 1113 scripta,
438 1072 490 1100 ne
523 1055 834 1112 transgressores
865 1056 1119 1100 excusabiles
1140 1056 1372 1100 euaderent.
1564 1072 1567 1074 ’

129 1181 172 1227 Ο
184 1181 216 1225 P
227 1182 262 1223 E
277 1181 318 1224 R
334 1183 373 1223 A
388 1181 428 1224 Τ
445 1182 455 1218 i
475 1182 515 1223 O
527 1183 573 1225 N
588 1181 623 1225 E
638 1181 667 1226 S
708 1179 892 1222 Naturae
913 1180 1140 1222 incolarum
1160 1180 1401 1233 praecipuae
1422 1176 1511 1221 sunt
1526 1194 1552 1222 2--

186 1273 225 1305 1.
264 1259 554 1311 iilultiplicare
579 1260 770 1312 Speciem
786 1290 799 1310 ‚
831 1269 873 1299 ut
891 1259 1069 1313 negotiis
1089 1256 1299 1300 sufficiant.

184 1351 226 1382 2.
257 1336 567 1392 Aeqnilibrium
590 1338 694 1379 inter
719 1336 890 1390 Species
922 1336 1176 1378 Animaiium
1205 1348 1246 1377 et
1267 1335 1566 1392 Vegetabilium

239 1390 396 1435 seruare
411 1424 423 1442 ,
456 1402 501 1438 vt
522 1393 739 1445 proportio
764 1401 979 1446 perennet.

240 1469 485 1567 Detgndere
506 1472 723 1523 quotannis
747 1468 1032 1527 Vegetabilia‚
1072 1478 1117 1510 vt
1143 1479 1363 1514 renouetur
1390 1479 1567 1513 annuum

310 1538 322 1566 ι
357 1537 524 1566 carrum.

240 1604 335 1646 Coer
346 1616 435 1644 cere
456 1614 653 1654 erronea,
683 1614 736 1642 ne
759 1604 1014 1653 expellantur
1036 1600 1233 1653 legitima.

239 1677 427 1731 Auferre
449 1679 665 1732 languida,
696 1690 880 1729 mortua,
913 1677 1151 1728 immunda,
1182 1676 1468 1732 conspurcata,
1488 1677 1565 1722 sta·

295 1734 485 1790 gnanria,
516 1733 633 1774 acida
655 1743 696 1774 et
718 1736 903 1786 putrida,
935 1748 978 1777 Vt
999 1739 1104 1776 niter
1122 1735 1238 1777 auiae
1258 1732 1426 1787 fulgeat.

185 1825 226 1867 3.
260 1811 488 1854 Vindicare
508 1809 549 1852 se
568 1808 679 1862 ipsos
703 1811 753 1853 ab
774 1811 963 1865 interitu,
994 1825 1045 1854 ne
1066 1824 1187 1872 vacet·
1209 1810 1519 1859 administratio.

130 1934 175 1979 O
188 1935 227 1978 E
245 1935 280 1977 C
293 1936 333 1979 O
348 1934 391 1976 N
407 1933 446 1976 O
462 1932 541 1975 Ml
557 1932 596 1976 A
633 1931 816 1975 Naturae
838 1931 1019 1974 versatur
1038 1935 1144 1976 circa
1167 1945 1303 1977 rerum
1322 1933 1565 1978 Generatio-

241 2004 330 2032 nem
349 2023 360 2036 ,
395 1988 780 2040 Confhruationem‚
812 1988 1137 2037 Desirufflomm
1155 2023 1166 2039 ,
1202 2005 1245 2031 vt
1265 2002 1371 2043 opus
1394 1990 1564 2044 Creato-

240 2047 295 2089 ris
314 2045 515 2090 illibatum
535 2043 742 2097 persistat,
772 2044 822 2085 ad
842 2044 954 2096 quod
977 2056 1063 2087 tota
1083 2045 1288 2099 conspirat
1307 2044 1479 2089 Natura.

189 2123 408 2168 Generata
443 2121 580 2164 calido
609 2120 825 2175 sanguine,
853 2133 929 2172 pro
963 2121 1231 2175 educatione,
1273 2127 1447 2175 aliorum
1470 2137 1564 2167 cura

209 2213 211 2215 .
243 2191 348 2232 opus
367 2178 546 2226 habent-3
578 2189 751 2227 cumque
780 2176 956 2218 Creator
978 2190 1063 2219 non
1097 2182 1413 2223 remunerandus
1441 2182 1564 2234 primi

240 2233 445 2277 indiuidui
475 2231 766 2287 curam-gestit,
798 2230 1026 2284 depositum
1053 2234 1135 2275 hoc
1164 2246 1337 2278 transeat
1364 2238 1472 2279 linea
1493 2234 1563 2278 de-

241 2287 456 2331 scendenti
477 2288 527 2329 ad
547 2298 664 2330 natos
679 2319 692 2340 ‚
724 2287 791 2338 qui
813 2286 856 2328 id
877 2289 1033 2340 parenti
1054 2302 1139 2330 non
1156 2291 1344 2334 reddunt.

191 2366 462 2418 construatio
482 2363 726 2418 quotidiano
747 2365 972 2416 alimento,
1001 2365 1071 2408 sed
1099 2369 1178 2410 late
1207 2368 1412 2426 disperso,
1434 2370 1562 2414 adeo-

245 2435 323 2474 que
352 2422 522 2476 impigre
553 2418 815 2473 quaerend03
855 2420 910 2464 fic
931 2421 1077 2467 Fames
1107 2423 1298 2481 dispergit
1322 2440 1396 2481 per
1415 2428 1561 2472 orbem

243 2491 315 2530 ea,
346 2490 446 2529 quae
469 2477 610 2518 Venus
631 2487 850 2520 conuocat.
1083 2485 1091 2509 ⁶

192 2551 425 2604 Dcsts⁴ubi¹io
444 2551 563 2596 vnius
581 2547 628 2595 fit
646 2549 809 2592 alterius
831 2549 1048 2602 reparatio,
1078 2563 1170 2593 eum
1190 2550 1473 2597 deficientibus
1493 2565 1561 2596 ca-

244 2607 459 2657 daueribus
479 2603 688 2656 laborioso
710 2614 859 2649 venatu
879 2603 1162 2652 sustentabitur
1179 2608 1287 2661 vitu
1315 2608 1370 2652 fic
1397 2609 1561 2662 Rapina

1423 2678 1557 2709 terum
